@misc{racketdoc,
  author = {Racket Lang},
  title = {Racket Documentation and Reference},
  howpublished = {\url{https://docs.racket-lang.org/}},
  note = {Acessado em: Dezembro de 2017}
}
